<record><leader>00000cas a22000007a 4500</leader><controlfield tag="001">53432568</controlfield><controlfield tag="008">031113d188018uuvaumr ne      0    0eng d</controlfield><datafield ind1=" " ind2=" " tag="010"><subfield code="a">sn2003061641</subfield></datafield><datafield ind1=" " ind2=" " tag="040"><subfield code="a">NVK</subfield><subfield code="b">eng</subfield><subfield code="c">NVK</subfield><subfield code="d">OCLCO</subfield></datafield><datafield ind1="1" ind2=" " tag="029"><subfield code="a">AU@</subfield><subfield code="b">000025126004</subfield></datafield><datafield ind1=" " ind2=" " tag="042"><subfield code="a">msc</subfield></datafield><datafield ind1=" " ind2=" " tag="043"><subfield code="a">n-us-va</subfield></datafield><datafield ind1="0" ind2="4" tag="245"><subfield code="a">The Patrick enterprise.</subfield></datafield><datafield ind1=" " ind2=" " tag="260"><subfield code="a">Patrick Court House [Stuart], Va. :</subfield><subfield code="b">Stedman Brothers</subfield></datafield><datafield ind1=" " ind2=" " tag="300"><subfield code="a">v.</subfield></datafield><datafield ind1=" " ind2=" " tag="310"><subfield code="a">Monthly</subfield></datafield><datafield ind1="1" ind2=" " tag="362"><subfield code="a">Began in 1880.</subfield></datafield><datafield ind1=" " ind2=" " tag="500"><subfield code="a">Stuart was originally called Taylorsville; Taylorsville was often called Patrick Court House. Cf. Hanson, R. Virginia Place Names.</subfield></datafield><datafield ind1=" " ind2=" " tag="500"><subfield code="a">"Do right and fear not."</subfield></datafield><datafield ind1=" " ind2="0" tag="651"><subfield code="a">Patrick Court House (Va.)</subfield><subfield code="v">Newspapers.</subfield></datafield><datafield ind1=" " ind2="0" tag="651"><subfield code="a">Stuart (Va.)</subfield><subfield code="v">Newspapers.</subfield></datafield><datafield ind1=" " ind2="0" tag="651"><subfield code="a">Patrick County (Va.)</subfield><subfield code="v">Newspapers.</subfield></datafield><datafield ind1=" " ind2=" " tag="752"><subfield code="a">United States</subfield><subfield code="b">Virginia</subfield><subfield code="c">Patrick</subfield><subfield code="d">Stuart.</subfield></datafield><datafield ind1=" " ind2=" " tag="936"><subfield code="a">Vol. 1, no. 2 (July 1, 1880) LIC</subfield></datafield></record>